<record><leader>00000cas a2200000 a 4500</leader><controlfield tag="001">23131330</controlfield><controlfield tag="008">910221c19uu9999orusr ne     f0    0eng c</controlfield><datafield ind1=" " ind2=" " tag="010"><subfield code="a">sn 93050714 </subfield></datafield><datafield ind1=" " ind2=" " tag="040"><subfield code="a">ORU</subfield><subfield code="b">eng</subfield><subfield code="c">ORU</subfield><subfield code="d">ANU</subfield><subfield code="d">CNK</subfield><subfield code="d">CVF</subfield><subfield code="d">NYS</subfield><subfield code="d">EYM</subfield><subfield code="d">ORU</subfield><subfield code="d">OCLCQ</subfield><subfield code="d">ORU</subfield><subfield code="d">ZP2</subfield><subfield code="d">OCLCQ</subfield><subfield code="d">OCLCF</subfield><subfield code="d">OCLCO</subfield><subfield code="d">CHY</subfield><subfield code="d">OCLCO</subfield></datafield><datafield ind1=" " ind2=" " tag="019"><subfield code="a">39956805</subfield></datafield><datafield ind1="1" ind2=" " tag="029"><subfield code="a">AU@</subfield><subfield code="b">000010784491</subfield></datafield><datafield ind1=" " ind2=" " tag="042"><subfield code="a">pcc</subfield></datafield><datafield ind1=" " ind2=" " tag="043"><subfield code="a">n-us-or</subfield></datafield><datafield ind1=" " ind2="4" tag="050"><subfield code="a">E78.O6</subfield><subfield code="b">S66</subfield></datafield><datafield ind1="0" ind2=" " tag="130"><subfield code="a">Smoke signals (Grand Ronde, Or.)</subfield></datafield><datafield ind1="1" ind2="0" tag="245"><subfield code="a">Smoke signals.</subfield></datafield><datafield ind1="1" ind2=" " tag="246"><subfield code="i">Issues for Sept. 1-Oct. 15 1998 have title:</subfield><subfield code="a">Grand Ronde review</subfield></datafield><datafield ind1=" " ind2=" " tag="260"><subfield code="a">Grand Ronde, Or. :</subfield><subfield code="b">Confederated Tribes of the Grand Ronde</subfield></datafield><datafield ind1=" " ind2=" " tag="300"><subfield code="a">v. :</subfield><subfield code="b">ill. ;</subfield><subfield code="c">28-44 cm.</subfield></datafield><datafield ind1=" " ind2=" " tag="310"><subfield code="a">Semimonthly,</subfield><subfield code="b">&lt;Sept. 15-Nov. 1, 1995&gt;</subfield></datafield><datafield ind1=" " ind2=" " tag="321"><subfield code="a">Monthly,</subfield><subfield code="b">&lt;Feb. 1984-&gt;</subfield></datafield><datafield ind1=" " ind2=" " tag="500"><subfield code="a">Vols. for Apr. 1987- issued in newspaper format.</subfield></datafield><datafield ind1=" " ind2=" " tag="530"><subfield code="a">Selected articles also available online.</subfield></datafield><datafield ind1=" " ind2=" " tag="530"><subfield code="a">Also issued on microfilm from University of Oregon.</subfield></datafield><datafield ind1=" " ind2=" " tag="588"><subfield code="a">Description based on: Feb. 1984; title from caption.</subfield></datafield><datafield ind1=" " ind2=" " tag="588"><subfield code="a">Latest issue consulted: Mar. 15, 2006.</subfield></datafield><datafield ind1="2" ind2="7" tag="610"><subfield code="a">Confederated Tribes of the Grand Ronde Community of Oregon.</subfield><subfield code="2">fast</subfield><subfield code="0">(OCoLC)fst00642551</subfield></datafield><datafield ind1=" " ind2="0" tag="651"><subfield code="a">Confederated Tribes of the Grand Ronde Community of Oregon</subfield><subfield code="v">Newspapers.</subfield></datafield><datafield ind1=" " ind2="0" tag="651"><subfield code="a">Grand Ronde Indian Reservation (Or.)</subfield><subfield code="v">Newspapers.</subfield></datafield><datafield ind1=" " ind2="0" tag="650"><subfield code="a">Indians of North America</subfield><subfield code="z">Oregon</subfield><subfield code="v">Newspapers.</subfield></datafield><datafield ind1=" " ind2="0" tag="651"><subfield code="a">Grand Ronde (Or.)</subfield><subfield code="v">Newspapers.</subfield></datafield><datafield ind1=" " ind2="7" tag="650"><subfield code="a">Indians of North America.</subfield><subfield code="2">fast</subfield><subfield code="0">(OCoLC)fst00969633</subfield></datafield><datafield ind1=" " ind2="7" tag="651"><subfield code="a">Oregon.</subfield><subfield code="2">fast</subfield><subfield code="0">(OCoLC)fst01204579</subfield></datafield><datafield ind1=" " ind2="7" tag="651"><subfield code="a">Oregon</subfield><subfield code="z">Grand Ronde.</subfield><subfield code="2">fast</subfield><subfield code="0">(OCoLC)fst01223519</subfield></datafield><datafield ind1=" " ind2="7" tag="651"><subfield code="a">Oregon</subfield><subfield code="z">Grand Ronde Indian Reservation.</subfield><subfield code="2">fast</subfield><subfield code="0">(OCoLC)fst01263811</subfield></datafield><datafield ind1=" " ind2="7" tag="655"><subfield code="a">Newspapers.</subfield><subfield code="2">fast</subfield><subfield code="0">(OCoLC)fst01423814</subfield></datafield><datafield ind1=" " ind2="7" tag="655"><subfield code="a">Newspapers.</subfield><subfield code="2">lcgft</subfield></datafield><datafield ind1="1" ind2=" " tag="710"><subfield code="a">Confederated Tribes of the Grand Ronde Community of Oregon.</subfield></datafield><datafield ind1=" " ind2=" " tag="752"><subfield code="a">United States</subfield><subfield code="b">Oregon</subfield><subfield code="c">Polk</subfield><subfield code="d">Grand Ronde.</subfield></datafield><datafield ind1="4" ind2="1" tag="856"><subfield code="u">http://www.grandronde.org/pr/index.html</subfield></datafield></record>